<?xml version="1.0" encoding="UTF-8"?><collection xmlns="http://www.loc.gov/MARC21/slim"><record><leader>00363nam--2200145-i-4500</leader><controlfield tag="001">000042905</controlfield><controlfield tag="002">20161230</controlfield><controlfield tag="005">20161230201043</controlfield><controlfield tag="008">060222s1000------------r-----000-0-eng-d</controlfield><datafield ind1=" " ind2=" " tag="080"><subfield code="a">629.19</subfield></datafield><datafield ind1=" " ind2=" " tag="100"><subfield code="a">Sternfeldl ,A</subfield></datafield><datafield ind1=" " ind2=" " tag="245"><subfield code="a">Le vol dans l`espace cosmique</subfield></datafield><datafield ind1=" " ind2=" " tag="260"><subfield code="a">Paris, Les Editeurs Francais Reunis, 1954. 197 P</subfield></datafield><datafield ind1=" " ind2=" " tag="490"><subfield code="a">Tout Savoir</subfield></datafield><datafield ind1=" " ind2=" " tag="852"><subfield code="a">10365</subfield></datafield></record></collection>